<?xml version="1.0" encoding="UTF-8"?><collection xmlns="http://www.loc.gov/MARC21/slim"><record><leader>00376nam--2200121-i-4500</leader><controlfield tag="001">000009585</controlfield><controlfield tag="002">20161230</controlfield><controlfield tag="005">20161230201028</controlfield><controlfield tag="008">060222s1000------------r-----000-0-eng-d</controlfield><datafield ind1=" " ind2=" " tag="080"><subfield code="a">629.13</subfield></datafield><datafield ind1=" " ind2=" " tag="245"><subfield code="a">Aeronautics and space report of the president transmitted to the congress january 1971</subfield></datafield><datafield ind1=" " ind2=" " tag="260"><subfield code="a">Washington, National Aeronautics And Space Council, 1971. 115p</subfield></datafield><datafield ind1=" " ind2=" " tag="852"><subfield code="a">34317</subfield></datafield></record></collection>